<?xml version="1.0" encoding="UTF-8"?><collection xmlns="http://www.loc.gov/MARC21/slim"><record><leader>00425nam--2200145-i-4500</leader><controlfield tag="001">000043016</controlfield><controlfield tag="002">20161230</controlfield><controlfield tag="005">20161230201043</controlfield><controlfield tag="008">060222s1000------------r-----000-0-eng-d</controlfield><datafield ind1=" " ind2=" " tag="080"><subfield code="a">517.97</subfield></datafield><datafield ind1=" " ind2="1" tag="100"><subfield code="a">Strejc, Vladimir</subfield></datafield><datafield ind1="1" ind2="0" tag="245"><subfield code="a">State space theory of discrete linear control. transl.by rudolph major</subfield></datafield><datafield ind1=" " ind2=" " tag="260"><subfield code="a">Prague, Czechoslovak Acad.Of Sciences, 1981, 426p</subfield></datafield><datafield ind1=" " ind2=" " tag="852"><subfield code="a">72916</subfield><subfield code="c">517.9</subfield></datafield><datafield ind1=" " ind2=" " tag="CAT"><subfield code="a">Sys</subfield><subfield code="c">20090428</subfield><subfield code="h">081811</subfield></datafield></record></collection>